@article{li2023deep2,
  author = {Li, Xiaoming and Zhang, Wei},
  title = {Deep Learning in Engineering},
  journal = {Journal of Engineering AI},
  year = {2023},
  volume = {12},
  number = {3},
  pages = {45--56}
}


@article{li2023deep1,
  author = {Li, Xiaoming and Zhang, Wei},
  title = {Deep Learning in Engineering},
  journal = {Journal of Engineering AI},
  year = {2023},
  volume = {12},
  number = {3},
  pages = {45--56}
}


@article{li2023deep3,
  author = {Li, Xiaoming and Zhang, Wei},
  title = {Deep Learning in Engineering},
  journal = {Journal of Engineering AI},
  year = {2023},
  volume = {12},
  number = {3},
  pages = {45--56}
}